% Encoding: UTF8

@inproceedings{01,
   author	 = "久世皓司 and 青木翔 and 堀雅洋",
   title	 = "In-Video広告における不快感軽減のための透過青色加算法の提案",
   booktitle	 = "第75回全国大会講演論文集",
   year 	 = "2013",
   volume	 = "2013",
   number	 = "1",
   pages	 = "583--584",
   month	 = "mar"
}


@article{02,
  title = {A supply and demand framework for YouTube politics},
  author = {Munger, Kevin and Phillips, Joseph},
  journal = {Preprint},
  year = {2019},
  note = {\url{https://osf.io/4wk63/}（2020.9.30閲覧）}
}








