% Encoding: UTF8

@inproceedings{01,
   author	 = "久世皓司 and 青木翔 and 堀雅洋",
   title	 = "In-Video広告における不快感軽減のための透過青色加算法の提案",
   booktitle	 = "第75回全国大会講演論文集",
   year 	 = "2013",
   volume	 = "2013",
   number	 = "1",
   pages	 = "583--584",
   month	 = "mar"
}


@article{02,
  title = {A supply and demand framework for YouTube politics},
  author = {Munger, Kevin and Phillips, Joseph},
  journal = {Preprint},
  year = {2019},
  note = {\url{https://osf.io/4wk63/}（2020.9.30閲覧）}
}

@MISC{03,
  author = {文春オンライン},
  title = {「なぜ日本人は{VTuber}に“投げ銭”をするのか」専門家集団が分析　上位16人に10億円が！},
  note = {\url{https://bunshun.jp/articles/-/40372}（2020.9.30閲覧）}
}

@inproceedings{04,
  author	 = "岩瀬翔 and 矢吹太朗",
  title	 = "{Twitter}発言の分析による{Web}サービス障害の影響調査",
  booktitle	 = "第80回全国大会講演論文集",
  year 	 = "2018",
  volume	 = "2018",
  number	 = "1",
  pages	 = "115--116"
}








